<?xml version="1.0" encoding="UTF-8"?><collection xmlns="http://www.loc.gov/MARC21/slim"><record><leader>00578nam--2200205-i-4500</leader><controlfield tag="001">000015567</controlfield><controlfield tag="002">20161230</controlfield><controlfield tag="005">20161230201031</controlfield><controlfield tag="008">060222s1000------------r-----000-0-eng-d</controlfield><datafield ind1=" " ind2=" " tag="020"><subfield code="a">9027719527</subfield></datafield><datafield ind1=" " ind2=" " tag="040"><subfield code="a">IFIN-HH</subfield></datafield><datafield ind1=" " ind2=" " tag="080"><subfield code="a">533.9:523.03</subfield></datafield><datafield ind1="1" ind2=" " tag="100"><subfield code="a">Matsumoto, H</subfield></datafield><datafield ind1="1" ind2="0" tag="245"><subfield code="a">Computer simulation of space plasmas</subfield><subfield code="c">H. matsumoto, t. sato (eds.)</subfield></datafield><datafield ind1=" " ind2=" " tag="260"><subfield code="a">Dordrecht</subfield><subfield code="b">D.Reidel Publishing Company</subfield><subfield code="c">1985</subfield></datafield><datafield ind1=" " ind2=" " tag="300"><subfield code="a">X + 380 P</subfield></datafield><datafield ind1=" " ind2=" " tag="490"><subfield code="a">Advances In Earth And Planetary Sciences</subfield></datafield><datafield ind1=" " ind2=" " tag="700"><subfield code="a">Sato, T</subfield><subfield code="e">Ed</subfield></datafield><datafield ind1=" " ind2=" " tag="852"><subfield code="a">73170</subfield><subfield code="c">523</subfield></datafield><datafield ind1=" " ind2=" " tag="CAT"><subfield code="a">Sys</subfield><subfield code="c">20141208</subfield><subfield code="h">124712</subfield></datafield></record></collection>